<?xml version="1.0" encoding="UTF-8"?><record xmlns="http://www.loc.gov/MARC21/slim" xmlns:cinclude="http://apache.org/cocoon/include/1.0" xmlns:zs="http://www.loc.gov/zing/srw/">
  <leader>00548nz  a2200133n  4500</leader>
  <controlfield tag="001">n  97083219 </controlfield>
  <controlfield tag="003">DLC</controlfield>
  <controlfield tag="005">19970819153836.6</controlfield>
  <controlfield tag="008">970819n| acannaab|          |a anc |||  </controlfield>
  <datafield tag="010" ind1=" " ind2=" ">
    <subfield code="a">n  97083219 </subfield>
  </datafield>
  <datafield tag="040" ind1=" " ind2=" ">
    <subfield code="a">DLC</subfield>
    <subfield code="c">DLC</subfield>
  </datafield>
  <datafield tag="110" ind1="2" ind2="0">
    <subfield code="a">Keidanren Nature Conservation Fund</subfield>
  </datafield>
  <datafield tag="410" ind1="2" ind2="0">
    <subfield code="a">Quỹ bảo vệ thiên nhiên Keidanren Nhật Bản</subfield>
  </datafield>
  <datafield tag="670" ind1=" " ind2=" ">
    <subfield code="a">Các vườn quốc gia và khu bảo tồn thiên nhiên Việt Nam, 1995:</subfield>
    <subfield code="b">introd. (Quỹ bảo vệ thiên nhiên Keidanren Nhật Bản) p. 150 (Keidanren Nature Conservation Fund)</subfield>
  </datafield>
</record>